<record><leader>00000cas a22000007a 4500</leader><controlfield tag="001">14287182</controlfield><controlfield tag="008">861001d18791916txuwr ne      0    0eng d</controlfield><datafield ind1=" " ind2=" " tag="010"><subfield code="a">sn 86089558 </subfield></datafield><datafield ind1=" " ind2=" " tag="040"><subfield code="a">PPM</subfield><subfield code="b">eng</subfield><subfield code="c">PPM</subfield><subfield code="d">OCLCQ</subfield></datafield><datafield ind1=" " ind2=" " tag="042"><subfield code="a">msc</subfield></datafield><datafield ind1="0" ind2="0" tag="245"><subfield code="a">Lockhart register.</subfield></datafield><datafield ind1=" " ind2=" " tag="260"><subfield code="a">Lockhart, Tex. :</subfield><subfield code="b">McMurtrey &amp; Newborn</subfield></datafield><datafield ind1=" " ind2=" " tag="300"><subfield code="a">v. :</subfield><subfield code="b">ill. ;</subfield><subfield code="c">56-66 cm.</subfield></datafield><datafield ind1=" " ind2=" " tag="310"><subfield code="a">Weekly</subfield></datafield><datafield ind1="1" ind2=" " tag="362"><subfield code="a">Began in 1879; ceased Feb. 4, 1916.</subfield></datafield><datafield ind1=" " ind2=" " tag="588"><subfield code="a">Description based on: Vol. 4, no. 28 (Dec. 21, 1883).</subfield></datafield><datafield ind1=" " ind2=" " tag="752"><subfield code="a">United States</subfield><subfield code="b">Texas</subfield><subfield code="c">Caldwell</subfield><subfield code="d">Lockhart.</subfield></datafield><datafield ind1="0" ind2="7" tag="785"><subfield code="t">Lockhart post (Lockhart, Tex. : 1908)</subfield><subfield code="w">(DLC)sn 86090059</subfield></datafield><datafield ind1="0" ind2="7" tag="785"><subfield code="t">Lockhart post-register</subfield><subfield code="w">(DLC)sn 89090060</subfield></datafield></record>